@inproceedings{exploit,
  added-at = {2012-12-10T00:00:00.000+0100},
  author = {Hoehn, Bret and Southey, Finnegan and Holte, Robert C. and Bulitko, Valeriy},
  biburl = {http://www.bibsonomy.org/bibtex/2f0e174ba5c9e564ba34e2eb69d2f2274/dblp},
  booktitle = {AAAI},
  crossref = {conf/aaai/2005},
  editor = {Veloso, Manuela M. and Kambhampati, Subbarao},
  ee = {http://www.aaai.org/Library/AAAI/2005/aaai05-123.php},
  interhash = {11027161794f0f3847839c8dffd734af},
  intrahash = {f0e174ba5c9e564ba34e2eb69d2f2274},
  isbn = {1-57735-236-X},
  keywords = {dblp},
  pages = {783-788},
  publisher = {AAAI Press / The MIT Press},
  timestamp = {2012-12-10T00:00:00.000+0100},
  title = {Effective Short-Term Opponent Exploitation in Simplified Poker.},
  url = {http://dblp.uni-trier.de/db/conf/aaai/aaai2005.html#HoehnSHB05},
  year = 2005
},

@inproceedings{monte-carlo,
  added-at = {2009-11-11T00:00:00.000+0100},
  author = {den Broeck, Guy Van and Driessens, Kurt and Ramon, Jan},
  biburl = {http://www.bibsonomy.org/bibtex/2959475b6c44073aa38470507a5617915/dblp},
  booktitle = {ACML},
  crossref = {conf/acml/2009},
  date = {2009-11-11},
  description = {dblp},
  editor = {Zhou, Zhi-Hua and Washio, Takashi},
  ee = {http://dx.doi.org/10.1007/978-3-642-05224-8_28},
  interhash = {35d9c519b275a5f506ea00bdb5875fba},
  intrahash = {959475b6c44073aa38470507a5617915},
  isbn = {978-3-642-05223-1},
  keywords = {dblp},
  pages = {367-381},
  publisher = {Springer},
  series = {Lecture Notes in Computer Science},
  timestamp = {2009-11-11T00:00:00.000+0100},
  title = {Monte-Carlo Tree Search in Poker Using Expected Reward Distributions.},
  url = {http://dblp.uni-trier.de/db/conf/acml/acml2009.html#BroeckDR09},
  volume = 5828,
  year = 2009
},

@InProceedings{cfr,
    Title = "Regret Minimization in Games with Incomplete Information",
    Author = "Martin Zinkevich and Michael Johanson and Michael Bowling and Carmelo Piccione",
    Booktitle = "Advances in Neural Information Processing Systems 20 (NIPS)",
    Year = "2008",
    Pages = "905--912",
    Note = "A longer version is available as a University of Alberta Technical Report, TR07-14",
    AcceptRate = "22\%",
    AcceptNumbers = "217 of 975"
},
